@misc{kaggle_desc,
title={Identify endangered right whales in aerial photographs},
note={\url{http://www.kaggle.com/c/noaa-right-whale-recognition}, Accessed: 2015-09-15}
}

@misc{kaggle_data,
title={Right Whale Recognition Data},
note={\url{http://www.kaggle.com/c/noaa-right-whale-recognition/data}, Accessed: 2015-09-15}
}

@misc{kaggle_face,
title={Creating a "Face Detector" for Whales},
note={\url{http://www.kaggle.com/c/noaa-right-whale-recognition/details/creating-a-face-detector-for-whales}, Accessed: 2015-09-15}
}


@misc{math_cascade,
title={Train a Cascade Object Detector},
note={\url{www.mathworks.com/help/vision/ug/train-a-cascade-object-detector.html}, Accessed: 2015-09-15}
}

@misc{math_training,
title={Labeling Images for Classification Model Training},
note={\url{Label Images for Classification Model Training}, Accessed: 2015-09-15}
}


@misc{NOAA,
title={NOAA Fisheres},
note={\url{www.nmfs.noaa.gov}, Accessed: 2015-09-15}
}

@misc{NEA,
title={New England Aquarium},
note={\url{www.neaq.org/index.php}, Accessed: 2015-09-15}
}

